@inproceedings{Hearst:92,
	author = {Hearst, Marti A.},
    title = {Automatic Acquisition of Hyponyms from Large Text Corpora},
    year = 1992,
    booktitle = {Proceedings of COLING 1992},
    pages ={23-28},
    publisher = {Association for Computational Linguistics},
    address={Nantes, France}
}

@book{Tetlock:05,
	author = {Tetlock, Philip E.},
    title = {Expert Political Judgment: How Good is It? How Can we Know?},
    year = 2005,
    publisher = {Princeton University Press},
    address = {Princeton, NJ}
}

@book{Tetlock:15,
author = {Philip E. Tetlock and Dan Gardner},
title = {Superforecasting: The Art and Science of Prediction},
year = 2015,
publisher = {Crown Publishers}
}

@techreport{Tetlock:16,
  author = {Tetlock, Philip E.},
  title = {Revolutionizing the Assessment of Alpha Pundits: the Superforecaster Challenge},
  institution = {Wharton School, University of Pennsylvania},
  year = {2016},
  type = {Proposal}
}

@inproceedings{Snow:04,
	author = {Snow, Rion and Daniel Jurafsky and Andrew Y. Ng},
    title = {Learning syntactic patterns for automatic hypernym discovery},
    book = {Advances in Neural Information Processing Systems (NIPS 2004)},
    year = {2004},
    Address = {Vancouver, Canada}
}
 
@inproceedings{Le:14,
	author = {Le, Quoc and Tomas Mikolov},
    title = {Distributed Representations of Sentences and Documents},
    book = {Proceedings of the 31st International Confernece on Machine Learning},
    year = {2014},
    Address = {Beijing, China}
}
@book{Hastie:13,
	author = {Trevor Hastie and Robert Tibshirani and Jerome Friedman},
    title = {The Elements of Statistical Learning: Data Mining, Inference, and Prediction},
    edition = 10,
    year = {2013},
    publisher = {Springer},
}

